@article{art:perez13:tvl1,
    title   = {{TV-L1 Optical Flow Estimation}},
    author  = {Sánchez Pérez, Javier and Meinhardt-Llopis, Enric and Facciolo, Gabriele},
    journal = {{Image Processing On Line}},
    volume  = {3},
    pages   = {137--150},
    year    = {2013},
    doi     = {10.5201/ipol.2013.26},
}

@article{art:kim13:lfields,
 author = {Kim, Changil and Zimmer, Henning and Pritch, Yael and Sorkine-Hornung, Alexander and Gross, Markus},
 title = {Scene Reconstruction from High Spatio-angular Resolution Light Fields},
 journal = {ACM Trans. Graph.},
 issue_date = {July 2013},
 volume = {32},
 number = {4},
 month = jul,
 year = {2013},
 issn = {0730-0301},
 pages = {73:1--73:12},
 articleno = {73},
 numpages = {12},
 url = {http://doi.acm.org/10.1145/2461912.2461926},
 doi = {10.1145/2461912.2461926},
 acmid = {2461926},
 publisher = {ACM},
 address = {New York, NY, USA},
 keywords = {image-based scene reconstruction, light fields},
} 

@ARTICLE{art:liu:deriv,
author={Liu, Yunqiang and Caselles, Vicent},
journal={IEEE Transactions on Image Processing},
title={Exemplar-Based Image Inpainting Using Multiscale Graph Cuts},
year={2013},
volume={22},
number={5},
pages={1699-1711},
doi={10.1109/TIP.2012.2218828},
ISSN={1057-7149},
month={May},}


@inproceedings{art:newson:deriv,
 author = {Newson, Alasdair and Almansa, Andr{\'e}s and Fradet, Matthieu and Gousseau, Yann and P{\'e}rez, Patrick},
 title = {Towards Fast, Generic Video Inpainting},
 booktitle = {Proceedings of the 10th European Conference on Visual Media Production},
 series = {CVMP '13},
 year = {2013},
 isbn = {978-1-4503-2589-9},
 location = {London, United Kingdom},
 pages = {7:1--7:8},
 articleno = {7},
 numpages = {8},
 url = {http://doi.acm.org/10.1145/2534008.2534019},
 doi = {10.1145/2534008.2534019},
 acmid = {2534019},
 publisher = {ACM},
 address = {New York, NY, USA},
 keywords = {PatchMatch, exemplar-based, patches, space-time occlusion, video inpainting},
} 
